<record><leader>00000cas a22000007a 4500</leader><controlfield tag="001">12571862</controlfield><controlfield tag="008">850918d1856185uwiuwr ne      0    0eng d</controlfield><datafield ind1=" " ind2=" " tag="010"><subfield code="a">sn 85041032 </subfield></datafield><datafield ind1=" " ind2=" " tag="040"><subfield code="a">NPV</subfield><subfield code="b">eng</subfield><subfield code="c">NPV</subfield><subfield code="d">OCLCQ</subfield></datafield><datafield ind1=" " ind2=" " tag="042"><subfield code="a">msc</subfield></datafield><datafield ind1=" " ind2=" " tag="045"><subfield code="a">w5w5</subfield></datafield><datafield ind1=" " ind2=" " tag="052"><subfield code="a">4123</subfield><subfield code="b">P7</subfield></datafield><datafield ind1="0" ind2="0" tag="245"><subfield code="a">Plover herald.</subfield></datafield><datafield ind1=" " ind2=" " tag="260"><subfield code="a">Plover, Wis. :</subfield><subfield code="b">J.S. Alban &amp; J.W. Carter,</subfield><subfield code="c">1856-</subfield></datafield><datafield ind1=" " ind2=" " tag="300"><subfield code="a">v.</subfield></datafield><datafield ind1=" " ind2=" " tag="310"><subfield code="a">Weekly</subfield></datafield><datafield ind1="0" ind2=" " tag="362"><subfield code="a">Vol. 1, no. 1 (Aug. 7, 1856)-</subfield></datafield><datafield ind1=" " ind2=" " tag="500"><subfield code="a">Publisher varies.</subfield></datafield><datafield ind1=" " ind2=" " tag="500"><subfield code="a">Editors: Alban &amp; Carter, Aug. 7-Oct. 30, 1856; J.S. Alban, Nov. 6, 1856-&lt;July 30, 1857&gt;.</subfield></datafield><datafield ind1=" " ind2=" " tag="530"><subfield code="a">Available on microfilm from The State Historical Society of Wisconsin.</subfield></datafield><datafield ind1=" " ind2=" " tag="752"><subfield code="a">United States</subfield><subfield code="b">Wisconsin</subfield><subfield code="c">Portage</subfield><subfield code="d">Plover.</subfield></datafield><datafield ind1="1" ind2=" " tag="029"><subfield code="a">AU@</subfield><subfield code="b">000025808919</subfield></datafield></record>